@manual{inmetro2003,
	Author = {INMETRO},
	Title = {Vocabulário internacional de termos fundamentais e gerais de
	metrologia},
	Year = {2013},
	Address = {Rio de Janeiro, Brasil},
	Pages = {75},
	isbn = {85-87090-90-9},
}

@inproceedings{soviero1997,
	Author = {P. A. O. Soviero and L. G. M. Lavagna},
	Title = {A Numerical Model for Thin Airfoils in Unsteady Motion},
	Year = {1997},
	Pages = {332-340},
	Volume = {19},
	Number = {3},
	Booktitle = {Journal of the Brazilian Societyt Mechanical Sciences},	
}

@inproceedings{sparrow1980,
	Author = {E. M. Sparrow},
	Title = {Forced Convection Heat Transfer in a Duct Having Spanwise-Periodic
	Rectangular Protuberances},
	Year = {1980},
	Pages = {149-167},
	Volume = {3},
	Booktitle = {Numerical Heat Transfer},
}

@article{clark1986,
	Author = {J. A. Clark},
	Title = {Private Communication},
	Year = {1986},
	Address = {University of Michigan},
}

@article{arruda2007,
	Author = {M. B. B. Arruda},
	Title = {Como fazer referências: bibliográficas, eletrônicas e demais
	formas de documentos},
	Year = {2007},
	Url = {http://bu.ufsc.br/framerefer.html}
}

@article{plante,
author = {Plante, Thomas and Aldridge, Arianne and Bogdan, Ryan and Hanelin, Cara},
year = {2003},
month = {07},
pages = {495-509},
title = {Might virtual reality promote the mood benefits of exercise?},
volume = {19},
booktitle = {Computers in Human Behavior}
}

@article{mestre,
 author = {Mestre, Daniel R. and Dagonneau, Virginie and Mercier, Charles-Symphorien},
 title = {Does Virtual Reality Enhance Exercise Performance, Enjoyment, and Dissociation? An Exploratory Study on a Stationary Bike Apparatus},
 journal = {Presence: Teleoper. Virtual Environ.},
 issue_date = {February 2011},
 volume = {20},
 number = {1},
 month = feb,
 year = {2011},
 issn = {1054-7460},
 pages = {1--14},
 numpages = {14},
 url = {http://dx.doi.org/10.1162/pres_a_00031},
 doi = {10.1162/pres_a_00031},
 acmid = {2000638},
 publisher = {MIT Press},
 address = {Cambridge, MA, USA},
} 

@article{chihak,
author = {Chihak, Benjamin and Plumert, Jodie and J Ziemer, Christine and Babu, Sabarish and Grechkin, Timofey and Cremer, James and K Kearney, Joseph},
year = {2010},
month = {11},
pages = {1535-52},
title = {Synchronizing Self and Object Movement: How Child and Adult Cyclists Intercept Moving Gaps in a Virtual Environment},
volume = {36},
booktitle = {Journal of experimental psychology. Human perception and performance}
}

@article{coimbra1978,
	Author = {D. R. Mestre and V. Dagonneau and C. Mercier},
	Title = {Does Virtual Reality Enhance Exercise Performance, Enjoyment, and Dissociation? An Exploratory Study on a Stationary Bike Apparatus},
	Year = {2011},
	Address = {São Paulo, Brazil},
	Pages = {428},
	Editor = {Edgard Blücher},
}

@inproceedings{bordalo1989,
	Author = {S. N. Bordalo and J. H. Ferziger and S. J. Kline},
	Title = {The Development of Zonal Models for Turbulence},
	Year = {1989},
	Pages = {41-44},
	Booktitle = {Proceedings of the 10th Brazilian Congress of Mechanical
	Engineering}, 
	Volume = {1},	
}

@manual{NBR14724:2011,
	Address = {Rio de Janeiro},
	Date-Added = {2012-12-15 20:34:08 +0000},
	Date-Modified = {2012-12-15 20:35:25 +0000},
	Month = mar,
	Org-Short = {ABNT},
	Organization = {Associa{\c c}\~ao Brasileira de Normas T\'ecnicas},
	Pages = 15,
	Subtitle = {Informa{\c c}\~ao e documenta{\c c}\~ao --- trabalhos acad\^emicos --- apresenta{\c c}\~ao},
	Title = {{NBR} 14724},
	Year = 2011
}

@manual{NBR6034:2000,
	Address = {Rio de Janeiro},
	Org-Short = {ABNT},
	Organization = {Associa{\c c}\~ao Brasileira de Normas T\'ecnicas},
	Subtitle = {Informa{\c c}\~ao e documenta{\c c}\~ao --- Referências},
	Title = {{NBR} 14724},
	Year = 2000
}

